<record><leader>00000cas a22000007a 4500</leader><controlfield tag="001">33808211</controlfield><controlfield tag="008">951127d1980198uazusr ne      0    0eng d</controlfield><datafield ind1=" " ind2=" " tag="010"><subfield code="a">sn 95060635 </subfield></datafield><datafield ind1=" " ind2=" " tag="040"><subfield code="a">ANN</subfield><subfield code="b">eng</subfield><subfield code="c">ANN</subfield><subfield code="d">OCLCQ</subfield><subfield code="d">OCLCF</subfield><subfield code="d">OCLCO</subfield></datafield><datafield ind1="1" ind2=" " tag="029"><subfield code="a">AU@</subfield><subfield code="b">000012176259</subfield></datafield><datafield ind1=" " ind2=" " tag="042"><subfield code="a">msc</subfield></datafield><datafield ind1=" " ind2=" " tag="043"><subfield code="a">n-us-az</subfield></datafield><datafield ind1="0" ind2="0" tag="245"><subfield code="a">San Carlos crown dancer.</subfield></datafield><datafield ind1="1" ind2="7" tag="246"><subfield code="a">Crown dancer</subfield></datafield><datafield ind1=" " ind2=" " tag="260"><subfield code="a">San Carlos, Ariz. :</subfield><subfield code="b">San Carlos Apache Tribe,</subfield><subfield code="c">1980-</subfield></datafield><datafield ind1=" " ind2=" " tag="300"><subfield code="a">v.</subfield></datafield><datafield ind1=" " ind2=" " tag="310"><subfield code="a">Semimonthly</subfield></datafield><datafield ind1="0" ind2=" " tag="362"><subfield code="a">Vol. 2, no. 1 (Jan. 11, 1980).</subfield></datafield><datafield ind1=" " ind2="0" tag="650"><subfield code="a">Apache Indians</subfield><subfield code="v">Newspapers.</subfield></datafield><datafield ind1=" " ind2="0" tag="651"><subfield code="a">Gila County (Ariz.)</subfield><subfield code="v">Newspapers.</subfield></datafield><datafield ind1=" " ind2="0" tag="651"><subfield code="a">San Carlos Indian Reservation (Ariz.)</subfield><subfield code="v">Newspapers.</subfield></datafield><datafield ind1=" " ind2="4" tag="651"><subfield code="a">San Carlos (Ariz.)</subfield><subfield code="v">Newspapers.</subfield></datafield><datafield ind1=" " ind2="7" tag="655"><subfield code="a">Newspapers.</subfield><subfield code="2">fast</subfield><subfield code="0">(OCoLC)fst01423814</subfield></datafield><datafield ind1=" " ind2="7" tag="650"><subfield code="a">Apache Indians.</subfield><subfield code="2">fast</subfield><subfield code="0">(OCoLC)fst00811055</subfield></datafield><datafield ind1=" " ind2="7" tag="651"><subfield code="a">Arizona</subfield><subfield code="z">Gila County.</subfield><subfield code="2">fast</subfield><subfield code="0">(OCoLC)fst01218085</subfield></datafield><datafield ind1=" " ind2="7" tag="651"><subfield code="a">Arizona</subfield><subfield code="z">San Carlos Indian Reservation.</subfield><subfield code="2">fast</subfield><subfield code="0">(OCoLC)fst01256458</subfield></datafield><datafield ind1=" " ind2=" " tag="752"><subfield code="a">United States</subfield><subfield code="b">Arizona</subfield><subfield code="c">Gila</subfield><subfield code="d">San Carlos.</subfield></datafield><datafield ind1="0" ind2="0" tag="780"><subfield code="t">Crown dancer</subfield><subfield code="w">(DLC)sn 95060634</subfield></datafield></record>